@article{levstek2021all,
title={“It All Makes Us Feel Together”: Young People's Experiences of Virtual Group Music-Making During the COVID-19 Pandemic},
author={Levstek, Maru{\v{s}}a and Barnby, Rubie Mai and Pocock, Katherine L and Banerjee, Robin},
journal={Frontiers in Psychology},
volume={12},
pages={703892},
year={2021},
publisher={Frontiers}
}

@article{song2023effects,
    title={Effects of nature sounds on the attention and physiological and psychological relaxation},
    author={Song, Injoon and Baek, Kwangsik and Kim, Choyun and Song, Chorong},
    journal={Urban Forestry \& Urban Greening},
    volume={86},
    pages={127987},
    year={2023},
    publisher={Elsevier}
}

@misc{procjam,
    title = {Procedural Music Generation},
    url = {https://www.procjam.com/tutorials/en/music/},
    author = {Christer Kaitila},
    year = {2017},
    note = {Accessed on March 22, 2024}
} 
@article{urbano2022skeuomorphism,
    title={From skeuomorphism to flat design: age-related differences in performance and aesthetic perceptions},
    author={Urbano, In{\^e}s Cunha Vaz Pereira and Guerreiro, Jo{\~a}o Pedro Vieira and Nicolau, Hugo Miguel Aleixo Albuquerque},
    journal={Behaviour \& Information Technology},
    volume={41},
    number={3},
    pages={452--467},
    year={2022},
    publisher={Taylor \& Francis}
}

@article{jeon2015menu,
    title={Menu navigation with in-vehicle technologies: Auditory menu cues improve dual task performance, preference, and workload},
    author={Jeon, Myounghoon and Gable, Thomas M and Davison, Benjamin K and Nees, Michael A and Wilson, Jeff and Walker, Bruce N},
    journal={International Journal of Human-Computer Interaction},
    volume={31},
    number={1},
    pages={1--16},
    year={2015},
    publisher={Taylor \& Francis}
}

@inproceedings{sikora1995musical,
    title={Musical vs. real world feedback signals},
    author={Sikora, Cynthia A and Roberts, Linda and Murray, La Tondra},
    booktitle={Conference companion on Human factors in computing systems},
    pages={220--221},
    year={1995}
}

@article{cunha2012secondary,
  title={The secondary aspects of collective music-making},
  author={Cunha, Rosemyriam and Lorenzino, Lisa},
  journal={Research Studies in Music Education},
  volume={34},
  number={1},
  pages={73--88},
  year={2012},
  publisher={SAGE Publications Sage UK: London, England}
}